<record><leader>00000cas a22000007a 4500</leader><controlfield tag="001">9840628</controlfield><controlfield tag="008">830824d18231824nyuwr ne      0    0eng d</controlfield><controlfield tag="009">3781</controlfield><datafield ind1=" " ind2=" " tag="010"><subfield code="a">sn 83031277 </subfield></datafield><datafield ind1=" " ind2=" " tag="040"><subfield code="a">NPU</subfield><subfield code="b">eng</subfield><subfield code="c">NPU</subfield><subfield code="d">NPX</subfield><subfield code="d">NYS</subfield><subfield code="d">OCLCQ</subfield></datafield><datafield ind1=" " ind2=" " tag="042"><subfield code="a">msc</subfield></datafield><datafield ind1="0" ind2=" " tag="130"><subfield code="a">Cortland courier (Cortland, N.Y.)</subfield></datafield><datafield ind1="0" ind2="0" tag="245"><subfield code="a">Cortland courier.</subfield></datafield><datafield ind1=" " ind2=" " tag="260"><subfield code="a">Cortland, N.Y. :</subfield><subfield code="b">W.W. Phelps,</subfield><subfield code="c">1823-</subfield></datafield><datafield ind1=" " ind2=" " tag="300"><subfield code="a">v. ;</subfield><subfield code="c">50 cm.</subfield></datafield><datafield ind1=" " ind2=" " tag="310"><subfield code="a">Weekly</subfield></datafield><datafield ind1="0" ind2=" " tag="362"><subfield code="a">Vol. 4, no. 5 (Nov. 20, 1823)-</subfield></datafield><datafield ind1="1" ind2=" " tag="362"><subfield code="a">Ceased in 1824.</subfield><subfield code="z">Cf. French, J.H. Gazetteer of the state of N.Y., 1860.</subfield></datafield><datafield ind1=" " ind2=" " tag="752"><subfield code="a">United States</subfield><subfield code="b">New York</subfield><subfield code="c">Cortland</subfield><subfield code="d">Cortland.</subfield></datafield><datafield ind1="0" ind2="0" tag="780"><subfield code="t">Western courier (Homer, N.Y.)</subfield><subfield code="w">(DLC)sn 83031278</subfield></datafield><datafield ind1="0" ind2="0" tag="785"><subfield code="t">Cortland journal (Cortland, N.Y. : 1824)</subfield><subfield code="w">(DLC)sn 83031279</subfield></datafield></record>